<record><leader>00000cas a22000007a 4500</leader><controlfield tag="001">21731671</controlfield><controlfield tag="008">900607d19111929couwr ne      0    0eng d</controlfield><datafield ind1=" " ind2=" " tag="010"><subfield code="a">sn 90051391 </subfield></datafield><datafield ind1=" " ind2=" " tag="040"><subfield code="a">CNQ</subfield><subfield code="b">eng</subfield><subfield code="c">CNQ</subfield><subfield code="d">OCLCQ</subfield></datafield><datafield ind1=" " ind2=" " tag="042"><subfield code="a">msc</subfield></datafield><datafield ind1="0" ind2="0" tag="245"><subfield code="a">Moffat County courier.</subfield></datafield><datafield ind1=" " ind2=" " tag="260"><subfield code="a">Craig, Routt [Moffat] County, Colo. :</subfield><subfield code="b">Courier Print. Co.</subfield></datafield><datafield ind1=" " ind2=" " tag="300"><subfield code="a">v.</subfield></datafield><datafield ind1=" " ind2=" " tag="310"><subfield code="a">Weekly</subfield></datafield><datafield ind1="0" ind2=" " tag="362"><subfield code="a">Vol. 20, no. 32 (Mar. 9, 1911)-</subfield></datafield><datafield ind1="1" ind2=" " tag="362"><subfield code="a">Ceased in Dec. 1929.</subfield></datafield><datafield ind1=" " ind2=" " tag="515"><subfield code="a">Vol. 20, no 32 (Mar. 9, 1911)-v. 22, no. 1 (Aug. 22, 1912) called also v. 15, no. 30-v. 15, no. 51.</subfield></datafield><datafield ind1=" " ind2=" " tag="530"><subfield code="a">Available on microfilm from the Colorado Historical Society.</subfield></datafield><datafield ind1=" " ind2=" " tag="752"><subfield code="a">United States</subfield><subfield code="b">Colorado</subfield><subfield code="c">Moffat</subfield><subfield code="d">Craig.</subfield></datafield><datafield ind1="0" ind2="0" tag="780"><subfield code="t">Routt County courier</subfield><subfield code="w">(DLC)sn 90051384</subfield></datafield><datafield ind1="0" ind2="7" tag="785"><subfield code="t">Craig empire</subfield><subfield code="w">(DLC)sn 90051392</subfield></datafield><datafield ind1="0" ind2="7" tag="785"><subfield code="t">Craig empire-courier</subfield><subfield code="w">(DLC)sn 90051389</subfield></datafield></record>